@article{Morassi2001STRONG,
  title={STRONG UNIQUE CONTINUATION FOR THE LAMÃ‰ SYSTEM OF ELASTICITY},
  author={Morassi, Antonino},
  journal={Communications in Partial Differential Equations},
  volume={26},
  number={9-10},
  pages={1787-1810},
  year={2001},
}